<record><leader>00000cas a2200000 a 4500</leader><controlfield tag="001">13110361</controlfield><controlfield tag="008">860205d18811891coudr ne      0    0eng d</controlfield><datafield ind1=" " ind2=" " tag="010"><subfield code="a">sn 85067322 </subfield></datafield><datafield ind1=" " ind2=" " tag="040"><subfield code="a">KSH</subfield><subfield code="b">eng</subfield><subfield code="c">KSH</subfield><subfield code="d">NPT</subfield><subfield code="d">CNQ</subfield><subfield code="d">OCL</subfield><subfield code="d">OCLCQ</subfield></datafield><datafield ind1=" " ind2=" " tag="042"><subfield code="a">msc</subfield></datafield><datafield ind1="0" ind2=" " tag="130"><subfield code="a">Colorado state republic (Colorado Springs, Colo. : Daily)</subfield></datafield><datafield ind1="1" ind2="0" tag="245"><subfield code="a">Colorado state republic.</subfield></datafield><datafield ind1=" " ind2=" " tag="260"><subfield code="a">Colorado Springs, Colo. :</subfield><subfield code="b">W.T. Hogue &amp; Co.</subfield></datafield><datafield ind1=" " ind2=" " tag="300"><subfield code="a">v.</subfield></datafield><datafield ind1=" " ind2=" " tag="310"><subfield code="a">Daily</subfield></datafield><datafield ind1="1" ind2=" " tag="362"><subfield code="a">Began Sept. 3, 1881; ceased June 30, 1891.</subfield><subfield code="z">Cf. Gregory, W. Amer. newspapers.</subfield></datafield><datafield ind1=" " ind2=" " tag="580"><subfield code="a">Weekly ed.: Colorado state republic (Colorado Springs, Colo. : Weekly).</subfield></datafield><datafield ind1=" " ind2=" " tag="588"><subfield code="a">Description based on: Vol. 5, no. 80 (Dec. 5, 1883).</subfield></datafield><datafield ind1="1" ind2=" " tag="775"><subfield code="t">Colorado state republic (Colorado Springs, Colo. : Weekly)</subfield><subfield code="w">(DLC)sn 91052576</subfield></datafield><datafield ind1="1" ind2=" " tag="029"><subfield code="a">AU@</subfield><subfield code="b">000022171889</subfield></datafield></record>